@book{TrackingHackers,
 author = {Spitzner, L.},
 title = {Honeypots: Tracking Hackers},
 year = {2002},
 isbn = {0321108957},
 publisher = {Addison-Wesley Longman Publishing Co., Inc.},
 address = {Boston, MA, USA},
 }

@article{TrappingTheHackers,
 author = {Spitzner, Lance},
 title = {The Honeynet Project: Trapping the Hackers},
 journal = {IEEE Security and Privacy},
 volume = {1},
 number = {2},
 year = {2003},
 issn = {1540-7993},
 pages = {15--23},
 doi = {http://dx.doi.org/10.1109/MSECP.2003.1193207},
 publisher = {IEEE Educational Activities Department},
 address = {Piscataway, NJ, USA},
 }

@inproceedings{HoneynetsEducationalResource,
 author = {Jones, Jeremiah K. and Romney, Gordon W.},
 title = {Honeynets: an educational resource for IT security},
 booktitle = {CITC5 '04: Proceedings of the 5th conference on Information technology education},
 year = {2004},
 isbn = {1-58113-936-5},
 pages = {24--28},
 location = {Salt Lake City, UT, USA},
 doi = {http://doi.acm.org/10.1145/1029533.1029540},
 publisher = {ACM},
 address = {New York, NY, USA},
 }

@article{Systrace,
    author  = {Niels Provos},
    title   = {Improving Host Security with System Call Policies},
    journal = {12th USENIX Security Symposium},
    year    = {2003}
}

@article{RACEARGS,
    author  = {Spencer R. and Smalley S. and Loscocco P. and Hibler M. and Andersen D. and Lepreau J.},
    title   = {The Flask Security Architecture: System Support for Diverse Security Policies},
    journal = {Eighth USENIX Security Symposium},
    year    = {1999},
    pages   = {123-139}
}

@article{ChinaWarfare,
    author  = {Bryan Krekel},
    title   = {Capability of the People's Republic of China to Conduct Cyber Warfare and Computer Network Exploitation},
    journal = {The US-China Economic and Security Review Commission},
    year    = {2009},
    month   = {Outubro}
}

@article{NDoS,
    author  = {Clay Shields},
    title   = {What do we mean by Network Denial of Service?},
    journal = {Workshop on Information Assurance and Security},
    year    = {2002},
    month   = {Junho}
}

@article{Botnets,
 author = {McCarty, Bill},
 title = {Botnets: Big and Bigger},
 journal = {IEEE Security and Privacy},
 volume = {1},
 number = {4},
 year = {2003},
 issn = {1540-7993},
 pages = {87--90},
 doi = {http://dx.doi.org/10.1109/MSECP.2003.1219079},
 publisher = {IEEE Educational Activities Department},
 address = {Piscataway, NJ, USA}
 }

@inproceedings{Argos,
 author = {Portokalidis, Georgios and Slowinska, Asia and Bos, Herbert},
 title = {Argos: an emulator for fingerprinting zero-day attacks for advertised honeypots with automatic signature generation},
 booktitle = {EuroSys '06: Proceedings of the 1st ACM SIGOPS/EuroSys European Conference on Computer Systems 2006},
 year = {2006},
 isbn = {1-59593-322-0},
 pages = {15--27},
 location = {Leuven, Belgium},
 doi = {http://doi.acm.org/10.1145/1217935.1217938},
 publisher = {ACM},
 address = {New York, NY, USA},
 }

@inproceedings{QEMU,
 author = {Nakamoto, Yukikazu and Osaki, Tatsunori and Abe, Issei},
 title = {Proposing Universal Execution Trace Framework for Embedded Software Using QEMU},
 booktitle = {STFSSD '09: Proceedings of the 2009 Software Technologies for Future Dependable Distributed Systems},
 year = {2009},
 isbn = {978-0-7695-3572-2},
 pages = {173--178},
 doi = {http://dx.doi.org/10.1109/STFSSD.2009.28},
 publisher = {IEEE Computer Society},
 address = {Washington, DC, USA},
 }

@book{VirtualHoneypots,
 author = {Provos, Niels and Holz, Thorsten},
 title = {Virtual honeypots: from botnet tracking to intrusion detection},
 year = {2007},
 isbn = {9780321336323},
 publisher = {Addison-Wesley Professional},
}

@inproceedings{Leurre,
 author = {Leita, C. and Pham, V. H. and Thonnard, O. and Ramirez-Silva, E. and Pouget, F. and Kirda, E. and Dacier, M.},
 title = {The Leurre.com Project: Collecting Internet Threats Information Using a Worldwide Distributed Honeynet},
 booktitle = {WISTDCS '08: Proceedings of the 2008 WOMBAT Workshop on Information Security Threats Data Collection and Sharing},
 year = {2008},
 isbn = {978-0-7695-3347-6},
 pages = {40--57},
 doi = {http://dx.doi.org/10.1109/WISTDCS.2008.8},
 publisher = {IEEE Computer Society},
 address = {Washington, DC, USA},
 }

@book{KnowYourEnemy,
 title = {Know Your Enemy, Second Edition: Learning about Security Threats (2nd Edition)},
 year = {2004},
 isbn = {0321166469},
 publisher = {Pearson Education},
}

@book{KnowYourEnemy2,
 title = {Know your enemy: revealing the security tools, tactics, and motives of the blackhat community},
 year = {2002},
 isbn = {0-201-74613-1},
 publisher = {Addison Wesley Longman Publishing Co., Inc.},
 address = {Redwood City, CA, USA},
}


@article{Honeycomb,
 author = {Kreibich, Christian and Crowcroft, Jon},
 title = {Honeycomb: creating intrusion detection signatures using honeypots},
 journal = {SIGCOMM Comput. Commun. Rev.},
 volume = {34},
 number = {1},
 year = {2004},
 issn = {0146-4833},
 pages = {51--56},
 doi = {http://doi.acm.org/10.1145/972374.972384},
 publisher = {ACM},
 address = {New York, NY, USA},
 }

@book{USCyberAttack,
    author    = {William A. Owens and Kenneth W. Dam and Herbert S. Lin},
    editors   = {Constance F. Citro and Margaret E. Martin and Miron L. Straf},
    title     = {Technology, Policy, Law, and Ethics Regarding U.S. Acquisition and Use of Cyberattack Capabilities},
    publisher = {National Academies Press},
    ISBN      = {0309138507},
    year      = {2009}
}

@TechReport{PESPORINT,
    author      = {Alexandre Valle dos Reis and Elisa Dias Becker},
    title       = {Pesquisa sobre pornografia infantil na internet},
    institution = {Secretaria Especial de Direitos Humanos - Governo Brasileiro},
    year        = {2004}
}

@TechReport{RFC791,
    author      = {Information Sciences Institute},
    title       = {Internet Protocol},
    institution = {University of Southern California},
    year        = {1981},
    url         = {http://tools.ietf.org/html/rfc791}
}

@misc{ChinhaRussianWarefare,
    author = {Byron Acohido},
    title = {Q\&A on U.S. electrical grid infiltrated by Chinese, Russian cyberspies},
    howpublished = {\url{http://lastwatchdog.com/chinese-russian-cyberspies-lurk-us-electrical-grid/}},
    day = {09},
    month = {Abril},
    year = {2009}
}

@misc{PragmaticJourneyWarefare,
    author = {Rich Wermske},
    title = {Experts: U.S. Military's Cyberwar Rules \"ill-formed\"},
    howpublished = {\url{http://lastwatchdog.com/chinese-russian-cyberspies-lurk-us-electrical-grid/}},
    day = {11},
    month = {Novembro},
    year = {2009}
}

@misc{DefinitioHoneypots,
    author = {Lance Spitzner},
    title = {Definitons and Value of Honeypots},
    howpublished = {\url{http://www.enteract.com/\~lspitz/honeypot.html}},
    day = {11},
    month = {Outubro},
    year = {2001}
}

@misc{WhitepaperHoneypots,
    author = {Reto Baumann and Christian Plattner},
    title = {White Paper: Honeypots},
    day = {26},
    month = {Fevereiro},
    year = {2002}
}

@misc{RFC1122,
    author = {Robert Braden},
    title = {RFC1122 - Requirements for Internet Hosts - Communication Layers},
    howpublished = {\url{http://www.faqs.org/rfcs/rfc1122.html}},
    url = {http://www.faqs.org/rfcs/rfc1122.html},
    day = {18},
    month = {Dezembro},
    year = {2009}
}

@misc{TheLand,
    title = {The LAND attack (IP DOS)},
    howpublished = {\url{http://insecure.org/sploits/land.ip.DOS.html}},
    url = {http://insecure.org/sploits/land.ip.DOS.html},
    day = {18},
    month = {Dezembro},
    year = {2009}
}

@misc{LandExperiences,
    title = {Teenage hacker tells his side of land attack story},
    howpublished = {\url{http://jya.com/land-attack.txt}},
    url = {http://jya.com/land-attack.txt},
    day = {18},
    month = {Dezembro},
    year = {2009}
}

@misc{Stacheldraht,
    title = {The \"stacheldraht\" distributed denial of service attack tool},
    author = {David Dittrich},
    howpublished = {\url{http://staff.washington.edu/dittrich/misc/stacheldraht.analysis.txt}},
    url = {http://staff.washington.edu/dittrich/misc/stacheldraht.analysis.txt},
    day = {31},
    month = {Dezembro},
    year = {1999}
}

@misc{Nmap,
    title = {Nmap - Free Security Scanner For Network Exploration \& Security Audits},
    howpublished = {\url{http://nmap.org/}},
    url = {http://nmap.org/},
    day = {18},
    month = {Dezembro},
    year = {2009}
}
@misc{Apache2,
    title = {HTTP Server Project},
    howpublished = {\url{http://httpd.apache.org/}},
    url = {http://httpd.apache.org/},
    day = {18},
    month = {Dezembro},
    year = {2009}
}

@misc{Hogwash,
    title = {Hogwash intrusion detection system and packet scrubber},
    howpublished = {\url{http://hogwash.sourceforge.net/}},
    url = {http://hogwash.sourceforge.net/},
    day = {18},
    month = {Dezembro},
    year = {2009}
}

@misc{SiteSystrace,
    title = {Systrace - Interactive Policy Generation for System Calls},
    author = {Niels Provos},
    howpublished = {\url{http://www.citi.umich.edu/u/provos/systrace/}},
    url = {http://www.citi.umich.edu/u/provos/systrace/},
    day = {18},
    month = {Dezembro},
    year = {2009}
}

@misc{Agregador,
    title = {Honeynet Project Blog},
    howpublished = {\url{http://www.honeynet.org/aggregator}},
    url = {http://www.honeynet.org/aggregator},
    day = {18},
    month = {Dezembro},
    year = {2009}
}

@misc{FerramentasHoneynet,
    title = {The Honeynet Projects},
    howpublished = {\url{http://www.honeynet.org/project}},
    url = {http://www.honeynet.org/project},
    day = {18},
    month = {Dezembro},
    year = {2009}
}

@misc{Libdnet,
    title = {libdnet},
    howpublished = {\url{http://libdnet.sourceforge.net/}},
    url = {http://libdnet.sourceforge.net/},
    day = {18},
    month = {Dezembro},
    year = {2009}
}

@misc{Libevent,
    title = {libevent},
    howpublished = {\url{http://www.monkey.org/~provos/libevent/}},
    url = {http://www.monkey.org/~provos/libevent/},
    day = {18},
    month = {Dezembro},
    year = {2009}
}

@misc{Libpcap,
    title = {tcpdump / libpcap},
    howpublished = {\url{http://www.tcpdump.org/}},
    url = {http://www.tcpdump.org/},
    day = {18},
    month = {Dezembro},
    year = {2009}
}

@misc{PCRE,
    title = {PCRE - Perl Compatible Regular Expressions},
    howpublished = {\url{http://www.pcre.org/}},
    url = {http://www.pcre.org/},
    day = {18},
    month = {Dezembro},
    year = {2009}
}

@misc{GHH,
    title = {Google Hack Honeypot},
    howpublished = {\url{http://ghh.sourceforge.net/}},
    url = {http://ghh.sourceforge.net/},
    day = {18},
    month = {Dezembro},
    year = {2009}
}

@misc{GPL2,
    title = {GNU General Public License 2},
    howpublished = {\url{http://www.gnu.org/copyleft/gpl.html}},
    url = {http://www.gnu.org/copyleft/gpl.html},
    day = {18},
    month = {Dezembro},
    year = {2009}
}

@misc{SiteHoneytrap,
    title = {honeytrap – A Dynamic Meta-Honeypot Daemon},
    howpublished = {\url{http://honeytrap.carnivore.it}},
    url = {http://honeytrap.carnivore.it},
    day = {18},
    month = {Dezembro},
    year = {2009}
}

@misc{SiteNephentes,
    title = {Nepenthes - finest collection -},
    howpublished = {\url{http://nepenthes.carnivore.it/}},
    url = {http://nepenthes.carnivore.it/},
    day = {18},
    month = {Dezembro},
    year = {2009}
}

@misc{SiteArgos,
    title = {Argos - An emulator for capturing zero-day attacks},
    howpublished = {\url{http://www.few.vu.nl/argos/?page=4}},
    url = {http://www.few.vu.nl/argos/?page=4},
    day = {18},
    month = {Dezembro},
    year = {2009}
}

@misc{SiteQemu,
    title = {Qemu - open source processor emulator},
    howpublished = {\url{http://www.qemu.org/}},
    url = {http://www.qemu.org/},
    day = {18},
    month = {Dezembro},
    year = {2009}
}

@misc{CERTBRHoney,
    title = {Honeypots e Honeynets: Definições e Aplicações},
    author = {Cristine Hoepers and Klaus Steding-Jessen and Marcelo H. P. C. Chaves},
    howpublished = {\url{http://www.cert.br/docs/whitepapers/honeypots-honeynets}},
    url = {http://www.cert.br/docs/whitepapers/honeypots-honeynets},
    day = {10},
    month = {Outubro},
    year = {2007}
}

@misc{AreHoneypotsIllegal,
    title = {Honeypots: Are They Illegal?},
    author = {Lance Spitzner},
    howpublished = {\url{http://www.securityfocus.com/infocus/1703}},
    url = {http://www.securityfocus.com/infocus/1703},
    day = {12},
    month = {Junho},
    year = {2003}
}

@misc{InternetGrowth,
    title = {Internet growth statistics},
    author = {Miniwatts Marketing Group},
    howpublished = {\url{http://www.internetworldstats.com/emarketing.htm}},
    url = {http://www.internetworldstats.com/emarketing.htm},
    day = {18},
    month = {Dezembro},
    year = {2009}
}

@misc{WirelessSensors,
    title = {Wireless sensors extend reach of Internet into the real world},
    author = {Alicia Chang},
    howpublished = {\url{http://www.usatoday.com/tech/wireless/data/2007-02-12-wireless-sensors_x.htm}},
    url = {http://www.usatoday.com/tech/wireless/data/2007-02-12-wireless-sensors_x.htm},
    day = {18},
    month = {Fevereiro},
    day = {12},
    year = {2007}
}

@misc{UsingHoneypots,
    author = {Karthik Sadasivam and Banuprasad Samudrala and T. Andrew Yang},
    title = {Design of network security projects using Honeypots},
    publisher = {University of Houston – Clear Lake},
    year = {2005}
}
